<record><leader>00000cas a2200000 a 4500</leader><controlfield tag="001">2260830</controlfield><controlfield tag="008">760620d18071840maucr ne      0    0eng c</controlfield><datafield ind1=" " ind2=" " tag="010"><subfield code="a">sn 83020533 </subfield></datafield><datafield ind1=" " ind2=" " tag="040"><subfield code="a">PIT</subfield><subfield code="b">eng</subfield><subfield code="c">PIT</subfield><subfield code="d">MUL</subfield><subfield code="d">NPX</subfield><subfield code="d">NPA</subfield><subfield code="d">NPU</subfield><subfield code="d">DLC</subfield><subfield code="d">NST</subfield><subfield code="d">NJW</subfield><subfield code="d">NPH</subfield><subfield code="d">KNP</subfield><subfield code="d">IUL</subfield><subfield code="d">MGN</subfield><subfield code="d">KNP</subfield><subfield code="d">MGN</subfield><subfield code="d">HUL</subfield><subfield code="d">CNK</subfield><subfield code="d">MGN</subfield><subfield code="d">HUL</subfield><subfield code="d">FUG</subfield><subfield code="d">NVK</subfield><subfield code="d">OBN</subfield><subfield code="d">OCL</subfield><subfield code="d">CVF</subfield><subfield code="d">OCL</subfield><subfield code="d">NYS</subfield><subfield code="d">KRTAS</subfield><subfield code="d">OCLCQ</subfield><subfield code="d">OCLCF</subfield><subfield code="d">OCLCO</subfield></datafield><datafield ind1=" " ind2=" " tag="012"><subfield code="i">8711</subfield></datafield><datafield ind1=" " ind2=" " tag="042"><subfield code="a">pcc</subfield></datafield><datafield ind1=" " ind2=" " tag="043"><subfield code="a">n-us-ma</subfield></datafield><datafield ind1="0" ind2="0" tag="050"><subfield code="a">Newspaper 8362</subfield></datafield><datafield ind1="0" ind2=" " tag="130"><subfield code="a">Essex register (Salem, Mass. : 1807)</subfield></datafield><datafield ind1="1" ind2="0" tag="245"><subfield code="a">Essex register.</subfield></datafield><datafield ind1=" " ind2=" " tag="260"><subfield code="a">Salem, Mass. :</subfield><subfield code="b">H. Pool, W. Palfray &amp; S.C. Blydon,</subfield><subfield code="c">1807-1840.</subfield></datafield><datafield ind1=" " ind2=" " tag="300"><subfield code="a">v. ;</subfield><subfield code="c">56 cm.</subfield></datafield><datafield ind1=" " ind2=" " tag="310"><subfield code="a">Semiweekly</subfield></datafield><datafield ind1="0" ind2=" " tag="362"><subfield code="a">New ser., no. 1 (July 23, 1807)-no. 151 (Dec. 31, 1808) = Whole no. 749-901 ; v. 9, no. 1 (Jan. 4, 1809)-v. 40, no. 105 (Dec. 31, 1840).</subfield></datafield><datafield ind1=" " ind2=" " tag="500"><subfield code="a">Publisher varies: Palfray &amp; Chapman, &lt;May 9, 1836&gt;-</subfield></datafield><datafield ind1=" " ind2=" " tag="500"><subfield code="a">Motto: "Here shall the people's rights maintain, Unaw'd by influence, and unbrib'd by gain; Here patriot truth its glorious precepts draw, Pledg'd to religion, liberty and law."</subfield></datafield><datafield ind1="4" ind2=" " tag="510"><subfield code="a">Brigham, C.S. Amer. newspapers</subfield><subfield code="c">p. 396</subfield></datafield><datafield ind1=" " ind2=" " tag="530"><subfield code="a">Available on microfilm from Readex Microprint Corp.</subfield></datafield><datafield ind1=" " ind2="0" tag="651"><subfield code="a">Salem (Mass.)</subfield><subfield code="v">Newspapers.</subfield></datafield><datafield ind1=" " ind2="0" tag="651"><subfield code="a">Essex County (Mass.)</subfield><subfield code="v">Newspapers.</subfield></datafield><datafield ind1=" " ind2="7" tag="655"><subfield code="a">Newspapers.</subfield><subfield code="2">fast</subfield><subfield code="0">(OCoLC)fst01423814</subfield></datafield><datafield ind1=" " ind2="7" tag="651"><subfield code="a">Massachusetts</subfield><subfield code="z">Essex County.</subfield><subfield code="2">fast</subfield><subfield code="0">(OCoLC)fst01205527</subfield></datafield><datafield ind1=" " ind2="7" tag="651"><subfield code="a">Massachusetts</subfield><subfield code="z">Salem.</subfield><subfield code="2">fast</subfield><subfield code="0">(OCoLC)fst01205839</subfield></datafield><datafield ind1=" " ind2=" " tag="752"><subfield code="a">United States</subfield><subfield code="b">Massachusetts</subfield><subfield code="c">Essex</subfield><subfield code="d">Salem.</subfield></datafield><datafield ind1="0" ind2="4" tag="780"><subfield code="t">Friend (Salem, Mass.)</subfield><subfield code="w">(DLC)sn 83020497</subfield><subfield code="w">(OCoLC)9368973</subfield></datafield><datafield ind1="0" ind2="4" tag="780"><subfield code="t">Salem register (Salem, Mass. : 1802)</subfield><subfield code="w">(DLC)sn 83020532</subfield><subfield code="w">(OCoLC)2267419</subfield></datafield><datafield ind1="0" ind2="0" tag="785"><subfield code="t">Salem register (Salem, Mass. : 1841)</subfield><subfield code="w">(DLC)sn 83020558</subfield><subfield code="w">(OCoLC)9438107</subfield></datafield><datafield ind1=" " ind2=" " tag="850"><subfield code="a">MH</subfield><subfield code="a">TU</subfield></datafield><datafield ind1=" " ind2=" " tag="938"><subfield code="a">Kirtas Technologies, Inc.</subfield><subfield code="b">KRTS</subfield><subfield code="n">735599</subfield></datafield></record>